@misc{soman2024biomedicalknowledgegraphoptimizedprompt,
      title={Biomedical knowledge graph-optimized prompt generation for large language models}, 
      author={Karthik Soman and Peter W Rose and John H Morris and Rabia E Akbas and Brett Smith and Braian Peetoom and Catalina Villouta-Reyes and Gabriel Cerono and Yongmei Shi and Angela Rizk-Jackson and Sharat Israni and Charlotte A Nelson and Sui Huang and Sergio E Baranzini},
      year={2024},
      eprint={2311.17330},
      archivePrefix={arXiv},
      primaryClass={cs.CL},
      url={https://arxiv.org/abs/2311.17330}, 
}


@article{10.1093/bioinformatics/btad080,
    author = {Morris, John H and Soman, Karthik and Akbas, Rabia E and Zhou, Xiaoyuan and Smith, Brett and Meng, Elaine C and Huang, Conrad C and Cerono, Gabriel and Schenk, Gundolf and Rizk-Jackson, Angela and Harroud, Adil and Sanders, Lauren and Costes, Sylvain V and Bharat, Krish and Chakraborty, Arjun and Pico, Alexander R and Mardirossian, Taline and Keiser, Michael and Tang, Alice and Hardi, Josef and Shi, Yongmei and Musen, Mark and Israni, Sharat and Huang, Sui and Rose, Peter W and Nelson, Charlotte A and Baranzini, Sergio E},
    title = {The scalable precision medicine open knowledge engine (SPOKE): a massive knowledge graph of biomedical information},
    journal = {Bioinformatics},
    volume = {39},
    number = {2},
    pages = {btad080},
    year = {2023},
    month = {02},
    abstract = {Knowledge graphs (KGs) are being adopted in industry, commerce and academia. Biomedical KG presents a challenge due to the complexity, size and heterogeneity of the underlying information.In this work, we present the Scalable Precision Medicine Open Knowledge Engine (SPOKE), a biomedical KG connecting millions of concepts via semantically meaningful relationships. SPOKE contains 27 million nodes of 21 different types and 53 million edges of 55 types downloaded from 41 databases. The graph is built on the framework of 11 ontologies that maintain its structure, enable mappings and facilitate navigation. SPOKE is built weekly by python scripts which download each resource, check for integrity and completeness, and then create a ‘parent table’ of nodes and edges. Graph queries are translated by a REST API and users can submit searches directly via an API or a graphical user interface. Conclusions/Significance: SPOKE enables the integration of seemingly disparate information to support precision medicine efforts.The SPOKE neighborhood explorer is available at https://spoke.rbvi.ucsf.edu.Supplementary data are available at Bioinformatics online.},
    issn = {1367-4811},
    doi = {10.1093/bioinformatics/btad080},
    url = {https://doi.org/10.1093/bioinformatics/btad080},
    eprint = {https://academic.oup.com/bioinformatics/article-pdf/39/2/btad080/49278346/btad080.pdf},
}

@misc{sansford2024graphevalknowledgegraphbasedllm,
      title={GraphEval: A Knowledge-Graph Based LLM Hallucination Evaluation Framework}, 
      author={Hannah Sansford and Nicholas Richardson and Hermina Petric Maretic and Juba Nait Saada},
      year={2024},
      eprint={2407.10793},
      archivePrefix={arXiv},
      primaryClass={cs.CL},
      url={https://arxiv.org/abs/2407.10793}, 
}

@misc{paul2024makingreasoningmattermeasuring,
      title={Making Reasoning Matter: Measuring and Improving Faithfulness of Chain-of-Thought Reasoning}, 
      author={Debjit Paul and Robert West and Antoine Bosselut and Boi Faltings},
      year={2024},
      eprint={2402.13950},
      archivePrefix={arXiv},
      primaryClass={cs.CL},
      url={https://arxiv.org/abs/2402.13950}, 
}

@misc{wei2023chainofthoughtpromptingelicitsreasoning,
      title={Chain-of-Thought Prompting Elicits Reasoning in Large Language Models}, 
      author={Jason Wei and Xuezhi Wang and Dale Schuurmans and Maarten Bosma and Brian Ichter and Fei Xia and Ed Chi and Quoc Le and Denny Zhou},
      year={2023},
      eprint={2201.11903},
      archivePrefix={arXiv},
      primaryClass={cs.CL},
      url={https://arxiv.org/abs/2201.11903}, 
}

@misc{jacovi2020faithfullyinterpretablenlpsystems,
      title={Towards Faithfully Interpretable NLP Systems: How should we define and evaluate faithfulness?}, 
      author={Alon Jacovi and Yoav Goldberg},
      year={2020},
      eprint={2004.03685},
      archivePrefix={arXiv},
      primaryClass={cs.CL},
      url={https://arxiv.org/abs/2004.03685}, 
}

@misc{lyu2024faithfulmodelexplanationnlp,
      title={Towards Faithful Model Explanation in NLP: A Survey}, 
      author={Qing Lyu and Marianna Apidianaki and Chris Callison-Burch},
      year={2024},
      eprint={2209.11326},
      archivePrefix={arXiv},
      primaryClass={cs.CL},
      url={https://arxiv.org/abs/2209.11326}, 
}

@misc{lyu2023faithfulchainofthoughtreasoning,
      title={Faithful Chain-of-Thought Reasoning}, 
      author={Qing Lyu and Shreya Havaldar and Adam Stein and Li Zhang and Delip Rao and Eric Wong and Marianna Apidianaki and Chris Callison-Burch},
      year={2023},
      eprint={2301.13379},
      archivePrefix={arXiv},
      primaryClass={cs.CL},
      url={https://arxiv.org/abs/2301.13379}, 
}

1
@article{agrawal2023can,
  title={Can knowledge graphs reduce hallucinations in llms?: A survey},
  author={Agrawal, Garima and Kumarage, Tharindu and Alghamdi, Zeyad and Liu, Huan},
  journal={arXiv preprint arXiv:2311.07914},
  year={2023}
}

2
@article{soman2024biomedical,
  title={Biomedical knowledge graph-optimized prompt generation for large language models},
  author={Soman, Karthik and Rose, Peter W and Morris, John H and Akbas, Rabia E and Smith, Brett and Peetoom, Braian and Villouta-Reyes, Catalina and Cerono, Gabriel and Shi, Yongmei and Rizk-Jackson, Angela and others},
  journal={Bioinformatics},
  volume={40},
  number={9},
  pages={btae560},
  year={2024},
  publisher={Oxford University Press}
}

3
@article{jiang2024efficient,
  title={Efficient knowledge infusion via KG-LLM alignment},
  author={Jiang, Zhouyu and Zhong, Ling and Sun, Mengshu and Xu, Jun and Sun, Rui and Cai, Hui and Luo, Shuhan and Zhang, Zhiqiang},
  journal={arXiv preprint arXiv:2406.03746},
  year={2024}
}

4
@article{pan2024unifying,
  title={Unifying large language models and knowledge graphs: A roadmap},
  author={Pan, Shirui and Luo, Linhao and Wang, Yufei and Chen, Chen and Wang, Jiapu and Wu, Xindong},
  journal={IEEE Transactions on Knowledge and Data Engineering},
  volume={36},
  number={7},
  pages={3580--3599},
  year={2024},
  publisher={IEEE}
}

5
@article{sansford2024grapheval,
  title={Grapheval: A knowledge-graph based llm hallucination evaluation framework},
  author={Sansford, Hannah and Richardson, Nicholas and Maretic, Hermina Petric and Saada, Juba Nait},
  journal={arXiv preprint arXiv:2407.10793},
  year={2024}
}

6
@article{jacovi2020towards,
  title={Towards faithfully interpretable NLP systems: How should we define and evaluate faithfulness?},
  author={Jacovi, Alon and Goldberg, Yoav},
  journal={arXiv preprint arXiv:2004.03685},
  year={2020}
}

7
@article{luo2023reasoning,
  title={Reasoning on graphs: Faithful and interpretable large language model reasoning},
  author={Luo, Linhao and Li, Yuan-Fang and Haffari, Gholamreza and Pan, Shirui},
  journal={arXiv preprint arXiv:2310.01061},
  year={2023}
}

8
@article{malin2024review,
  title={A review of faithfulness metrics for hallucination assessment in Large Language Models},
  author={Malin, Ben and Kalganova, Tatiana and Boulgouris, Nikoloas},
  journal={arXiv preprint arXiv:2501.00269},
  year={2024}
}

9
@article{lyu2024towards,
  title={Towards faithful model explanation in nlp: A survey},
  author={Lyu, Qing and Apidianaki, Marianna and Callison-Burch, Chris},
  journal={Computational Linguistics},
  volume={50},
  number={2},
  pages={657--723},
  year={2024},
  publisher={MIT Press 255 Main Street, 9th Floor, Cambridge, Massachusetts 02142, USA~…}
}

10
@article{hashem2023generating,
  title={Generating faithful text from a knowledge graph with noisy reference text},
  author={Hashem, Tahsina and Wang, Weiqing and Wijaya, Derry Tanti and Ali, Mohammed Eunus and Li, Yuan-Fang},
  journal={arXiv preprint arXiv:2308.06488},
  year={2023}
}

11
@article{ji2021survey,
  title={A survey on knowledge graphs: Representation, acquisition, and applications},
  author={Ji, Shaoxiong and Pan, Shirui and Cambria, Erik and Marttinen, Pekka and Philip, S Yu},
  journal={IEEE transactions on neural networks and learning systems},
  volume={33},
  number={2},
  pages={494--514},
  year={2021},
  publisher={IEEE}
}

@misc{demir2023litcqdmultihopreasoningincomplete,
      title={LitCQD: Multi-Hop Reasoning in Incomplete Knowledge Graphs with Numeric Literals}, 
      author={Caglar Demir and Michel Wiebesiek and Renzhong Lu and Axel-Cyrille Ngonga Ngomo and Stefan Heindorf},
      year={2023},
      eprint={2304.14742},
      archivePrefix={arXiv},
      primaryClass={cs.AI},
      url={https://arxiv.org/abs/2304.14742}, 
}

@article{waagmeester2020wikidata,
  title={Wikidata as a knowledge graph for the life sciences},
  author={Waagmeester, Andra and Stupp, Gregory and Burgstaller-Muehlbacher, Sebastian and Good, Benjamin M and Griffith, Malachi and Griffith, Obi L and Hanspers, Kristina and Hermjakob, Henning and Hudson, Toby S and Hybiske, Kevin and others},
  journal={Elife},
  volume={9},
  pages={e52614},
  year={2020},
  publisher={eLife Sciences Publications, Ltd}
}

@misc{agarwal2024faithfulnessvsplausibilityunreliability,
      title={Faithfulness vs. Plausibility: On the (Un)Reliability of Explanations from Large Language Models}, 
      author={Chirag Agarwal and Sree Harsha Tanneru and Himabindu Lakkaraju},
      year={2024},
      eprint={2402.04614},
      archivePrefix={arXiv},
      primaryClass={cs.CL},
      url={https://arxiv.org/abs/2402.04614}, 
}

@misc{si2024largelanguagemodelshelp,
      title={Large Language Models Help Humans Verify Truthfulness -- Except When They Are Convincingly Wrong}, 
      author={Chenglei Si and Navita Goyal and Sherry Tongshuang Wu and Chen Zhao and Shi Feng and Hal Daumé III and Jordan Boyd-Graber},
      year={2024},
      eprint={2310.12558},
      archivePrefix={arXiv},
      primaryClass={cs.CL},
      url={https://arxiv.org/abs/2310.12558}, 
}